@conference{keller07,
    author    = "Keller, Robert M. and Morrison, David R.",
    title     = "A Grammatical Approach to Automatic Improvisation",
    booktitle = "Proceedings SMC'07, 4th Sound and Music Computing Conference",
    pages    = "330-337",
    year      = "2007",
    month    = "July"
}

@article{steedman96,
    author    = "Steedman, Mark",
    title     = "The Blues and the Abstract Truth: Music and Mental Models",
    journal   = "Mental Models In Cognitive Science",
    pages    = "305-318",
    year      = "1996"
}

@conference{eck02,
    author    = "Eck, Douglas and Schmidhuber, Jurgen",
    title     = "Finding temporal structure in music: Blues improvisation with LSTM recurrent networks ",
    booktitle = "Neural networks for signal processing XII, proceedings of the 2002 IEEE workshop",
    pages    = "747-756",
    year      = "2002"
}

@article{thom2000,
    author    = "Thom, Belinda",
    title     = "Unsupervised Learning and Interactive Jazz/Blues Improvisation",
    year      = "2000"
}


@article{mccormack96,
    author    = "McCormack, Jon",
    title     = "Grammar Based Music Composition",
    year      = "1996"
}

@misc{jazzkeller,
      author = "Keller, Robert",
      title = "How to Improvise Jazz Melodies",
      month = "January",
      year = "2007",
      note = "http://www.cs.hmc.edu/~keller/jazz/improvisor/HowToImproviseJazz.pdf"
}

@misc{website:paintingfool,
      author = "Colton, Simon",
      title = "The Painting Fool",
      howpublished = "http://www.thepaintingfool.com/"
}

@misc{website:aaron,
      author = "Cohen, Harold",
      title = "AARON",
      howpublished = "http://www.kurzweilcyberart.com/"
}


